<?xml version="1.0" encoding="UTF-8"?><collection xmlns="http://www.loc.gov/MARC21/slim"><record><leader>00426nam--2200133-i-4500</leader><controlfield tag="001">000019923</controlfield><controlfield tag="002">20161230</controlfield><controlfield tag="005">20161230201033</controlfield><controlfield tag="008">060222s1000------------r-----000-0-eng-d</controlfield><datafield ind1=" " ind2=" " tag="080"><subfield code="a">621.039.58:539.12.17(043)</subfield></datafield><datafield ind1=" " ind2=" " tag="100"><subfield code="a">Flament, Jean-luc</subfield></datafield><datafield ind1=" " ind2=" " tag="245"><subfield code="a">Etude de la nature et de la concentration des defauts crees dans les metaux par bombardement d`ions.these</subfield></datafield><datafield ind1=" " ind2=" " tag="260"><subfield code="a">Nancy, Universite, 1976.   98 P. + P.Dif</subfield></datafield><datafield ind1=" " ind2=" " tag="852"><subfield code="a">48434</subfield></datafield></record></collection>